@article{chandler2023exact,
  title={Exact and approximate solutions for elastic interactions in a nematic liquid crystal},
  author={Chandler, Thomas GJ and Spagnolie, Saverio E},
  journal={arXiv preprint arXiv:2311.17708},
  year={2023}
}
@article{chandler2023nematic,
  title={A nematic liquid crystal with an immersed body: equilibrium, stress and paradox},
  author={Chandler, Thomas GJ and Spagnolie, Saverio E},
  journal={Journal of Fluid Mechanics},
  volume={967},
  pages={A19},
  year={2023}
}
@book{crowdy2020solving,
  title={Solving problems in multiply connected domains},
  author={Crowdy, Darren},
  year={2020},
  publisher={SIAM}
}
@book{goluzin1969geometric,
  title={Geometric Theory of Functions of a Complex Variable},
  author={Goluzin, Gennadi\u\i{} Mikha\u\i{}lovich},
  volume={26},
  year={1969},
  publisher={American Mathematical Society}
}
@book{nehari2012conformal,
  title={Conformal mapping},
  author={Nehari, Zeev},
  year={2012},
  publisher={Courier Corporation}
}
@book{baker1995abelian,
  title={Abelian functions: Abel's theorem and the allied theory of theta functions},
  author={Baker, Henry Frederick},
  year={1995},
  publisher={Cambridge University Press}
}
@article{crowdy2007green,
  title={Green's functions for Laplace's equation in multiply connected domains},
  author={Crowdy, Darren and Marshall, Jonathan},
  journal={IMA journal of applied mathematics},
  volume={72},
  number={3},
  pages={278--301},
  year={2007},
  publisher={OUP}
}
@book{ablowitz2021introduction,
  title={Introduction to complex variables and applications},
  author={Ablowitz, Mark J and Fokas, Athanassios S},
  volume={63},
  year={2021},
  publisher={Cambridge University Press}
}
