@article{deconinck2014method,
  title={The method of Fokas for solving linear partial differential equations},
  author={Deconinck, Bernard and Trogdon, Thomas and Vasan, Vishal},
  journal={siam REVIEW},
  volume={56},
  number={1},
  pages={159--186},
  year={2014},
  publisher={SIAM}
}
@article{fokas1997unified,
  title={A unified transform method for solving linear and certain nonlinear PDEs},
  author={Fokas, Athanassios S},
  journal={Proceedings of the Royal Society of London. Series A: Mathematical, Physical and Engineering Sciences},
  volume={453},
  number={1962},
  pages={1411--1443},
  year={1997},
  publisher={The Royal Society}
}
@book{fokas2008unified,
  title={A unified approach to boundary value problems},
  author={Fokas, Athanassios S},
  year={2008},
  publisher={SIAM}
}
@article{fokas2002new,
  title={A new transform method for evolution partial differential equations},
  author={Fokas, Athanassios S},
  journal={IMA Journal of Applied Mathematics},
  volume={67},
  number={6},
  pages={559--590},
  year={2002},
  publisher={OUP}
}
@article{fokas2005transform,
  title={A transform method for linear evolution PDEs on a finite interval},
  author={Fokas, AS and Pelloni, Beatrice},
  journal={IMA journal of applied mathematics},
  volume={70},
  number={4},
  pages={564--587},
  year={2005},
  publisher={Oxford University Press}
}
@article{spence2010new,
  title={A new transform method II: the global relation and boundary-value problems in polar coordinates},
  author={Spence, Euan A and Fokas, AS},
  journal={Proceedings of the Royal Society A: Mathematical, Physical and Engineering Sciences},
  volume={466},
  number={2120},
  pages={2283--2307},
  year={2010},
  publisher={The Royal Society Publishing}
}
@article{fokas2016unified,
  title={The unified transform in two dimensions},
  author={Fokas, Athanassios S},
  journal={A Panorama of Mathematics: Pure and Applied},
  volume={658},
  pages={167},
  year={2016},
  publisher={American Mathematical Soc.}
}
@article{colbrook2019unified,
  title={The unified transform for mixed boundary condition problems in unbounded domains},
  author={Colbrook, Matthew J and Ayton, Lorna J and Fokas, Athanassios S},
  journal={Proceedings of the Royal Society A},
  volume={475},
  number={2222},
  pages={20180605},
  year={2019},
  publisher={The Royal Society Publishing}
}
@article{fokas2021unified,
  title={The unified transform for evolution equations on the half-line with time-periodic boundary conditions},
  author={Fokas, AS and van der Weele, Maria Christina},
  journal={Studies in Applied Mathematics},
  volume={147},
  number={4},
  pages={1339--1368},
  year={2021},
  publisher={Wiley Online Library}
}
@book{fokas2014unified,
  title={Unified transform for boundary value problems: applications and advances},
  author={Fokas, Athanassios S and Pelloni, Beatrice},
  year={2014},
  publisher={SIAM}
}
@article{fokas2012synthesis,
  title={Synthesis, as opposed to separation, of variables},
  author={Fokas, Athanassios S and Spence, Euan A},
  journal={Siam Review},
  volume={54},
  number={2},
  pages={291--324},
  year={2012},
  publisher={SIAM}
}
@article{fokas2001two,
  title={Two--dimensional linear partial differential equations in a convex polygon},
  author={Fokas, Athanassios S},
  journal={Proceedings of the Royal Society of London. Series A: Mathematical, Physical and Engineering Sciences},
  volume={457},
  number={2006},
  pages={371--393},
  year={2001},
  publisher={The Royal Society}
}
@article{ablowitz1974inverse,
  title={The inverse scattering transform-Fourier analysis for nonlinear problems},
  author={Ablowitz, Mark J and Kaup, David J and Newell, Alan C and Segur, Harvey},
  journal={Studies in applied mathematics},
  volume={53},
  number={4},
  pages={249--315},
  year={1974},
  publisher={Wiley Online Library}
}
@book{ablowitz1981solitons,
  title={Solitons and the inverse scattering transform},
  author={Ablowitz, Mark J and Segur, Harvey},
  year={1981},
  publisher={SIAM}
}
@article{ablowitz2006new,
  title={On a new non-local formulation of water waves},
  author={Ablowitz, MJ and Fokas, AS and Musslimani, ZH},
  journal={Journal of Fluid Mechanics},
  volume={562},
  pages={313--343},
  year={2006},
  publisher={Cambridge University Press}
}
@article{fokas2017nonlinear,
  title={The nonlinear Schr{\"o}dinger equation on the half-line},
  author={Fokas, Athanassios and Himonas, A and Mantzavinos, Dionyssios},
  journal={Transactions of the American Mathematical Society},
  volume={369},
  number={1},
  pages={681--709},
  year={2017}
}
@article{fokas2005nonlinear,
  title={The nonlinear Schr{\"o}dinger equation on the half-line},
  author={Fokas, AS and Its, AR and Sung, LY},
  journal={Nonlinearity},
  volume={18},
  number={4},
  pages={1771},
  year={2005},
  publisher={IOP Publishing}
}
@phdthesis{vetra2007computation,
  title={The computation of spectral representations for evolution PDE},
  author={Vetra, Sanita},
  year={2007},
  school={Citeseer}
}
@article{fornberg2011numerical,
  title={A numerical implementation of Fokas boundary integral approach: Laplace's equation on a polygonal domain},
  author={Fornberg, Bengt and Flyer, Natasha},
  journal={Proceedings of the Royal Society A: Mathematical, Physical and Engineering Sciences},
  volume={467},
  number={2134},
  pages={2983--3003},
  year={2011},
  publisher={The Royal Society Publishing}
}
@article{ambrose2014fokas,
  title={Fokas integral equations for three dimensional layered-media scattering},
  author={Ambrose, David M and Nicholls, David P},
  journal={Journal of Computational Physics},
  volume={276},
  pages={1--25},
  year={2014},
  publisher={Elsevier}
}