@article{rudin1987real,
  title={Real and complex analysis (mcgraw-hill international editions: Mathematics series)},
  author={Rudin, Walter},
  journal={cit. on},
  pages={118},
  year={1987}
}
@misc{Chendi,
    author= {{Chendi}},
    year  = {2023},
    title = {From the Inaugural CMO to a Challenging Problem This Year: Rudin's Complex Analysis Lemma and Beyond},
    note  = {\url{https://mp.weixin.qq.com/s/Dzk37Qk1xAW-RkU0iRWiRw}, 
             Last accessed on 7 Feb. 2024},
}
“从首届 CMO 的 Rudin 复数小引理, 到今年某道超难试题.” 微信公众平台, mp.weixin.qq.com/s/Dzk37Qk1xAW-RkU0iRWiRw. Accessed 7 Feb. 2024. 

@book{stein2010complex,
  title={Complex analysis},
  author={Stein, Elias M and Shakarchi, Rami},
  volume={2},
  year={2010},
  publisher={Princeton University Press}
}
@misc{ref2,
  title={Fundamentals of Complex Analysis},
  author={Liangwen Liao},
  year={2014},
  publisher={Beijing Science Press}
}
@book{greene2006function,
  title={Function theory of one complex variable},
  author={Greene, Robert Everist and Krantz, Steven George},
  year={2006},
  publisher={American Mathematical Soc.}
}
@misc{Vieta,
    author = "{Wikipedia contributors}",
    title = "Vieta's formulas --- {Wikipedia}{,} The Free Encyclopedia",
    year = "2024",
    url = "https://en.wikipedia.org/w/index.php?title=Vieta%27s_formulas&oldid=1209808406",
    note = "[Online; accessed 3-March-2024]"
  }
  @misc{ enwiki:1126942784,
  author = "{Wikipedia contributors}",
  title = "Steiner inellipse --- {Wikipedia}{,} The Free Encyclopedia",
  year = "2022",
  howpublished = "\url{https://en.wikipedia.org/w/index.php?title=Steiner_inellipse&oldid=1126942784}",
  note = "[Online; accessed 16-March-2024]"
  }
  
  @misc{ enwiki:1184113640,
  author = "{Wikipedia contributors}",
  title = "Gauss–Lucas theorem --- {Wikipedia}{,} The Free Encyclopedia",
  year = "2023",
  howpublished = "\url{https://en.wikipedia.org/w/index.php?title=Gauss%E2%80%93Lucas_theorem&oldid=1184113640}",
  note = "[Online; accessed 16-March-2024]"
  }
  @book{marden1949geometry,
  title={Geometry of polynomials},
  author={Marden, Morris},
  series={Mathematical Surveys},
  number={3},
  year={1949},
  publisher={American Mathematical Soc.}
  }
  @misc{rüdinger2014strengthening,
        title={Strengthening the Gauss-Lucas theorem for polynomials with Zeros in the interior of the convex hull}, 
        author={Andreas Rüdinger},
        year={2014},
        eprint={1405.0689},
        archivePrefix={arXiv},
        primaryClass={math.CV}
  }
@phdthesis{roth1938approximationseigenschaften,
  title={Approximationseigenschaften und Strahlengrenzwerte meromorpher und ganzer Funktionen},
  author={Roth, Alice},
  year={1938},
  school={ETH Zurich}
}
@book{gaier1987lectures,
  title={Lectures on complex approximation},
  author={Gaier, Dieter},
  volume={188},
  year={1987},
  publisher={Springer}
}

