@book{olver2014introduction,
  title={Introduction to partial differential equations},
  author={Olver, Peter J and others},
  volume={1},
  year={2014},
  publisher={Springer}
}
@book{acheson1990elementary,
  title={Elementary fluid dynamics},
  author={Acheson, David J},
  year={1990},
  publisher={Oxford University Press}
}
@book{batchelor2000introduction,
  title={An introduction to fluid dynamics},
  author={Batchelor, George Keith},
  year={2000},
  publisher={Cambridge university press}
}
@book{landau1987fluid,
  title={Fluid Mechanics: Volume 6},
  author={Landau, Lev Davidovich and Lifshitz, Evgenii Mikhailovich},
  volume={6},
  year={1987},
  publisher={Elsevier}
}
@book{currie2002fundamental,
  title={Fundamental mechanics of fluids},
  author={Currie, Iain G and Currie, IG},
  year={2002},
  publisher={CRC press}
}
@book{saffman1995vortex,
  title={Vortex dynamics},
  author={Saffman, Philip G},
  year={1995},
  publisher={Cambridge university press}
}
@book{graham2018microhydrodynamics,
  title={Microhydrodynamics, Brownian motion, and complex fluids},
  author={Graham, Michael D},
  volume={58},
  year={2018},
  publisher={Cambridge University Press}
}
@book{greene2006function,
  title={Function theory of one complex variable},
  author={Greene, Robert Everist and Krantz, Steven George},
  year={2006},
  publisher={American Mathematical Soc.}
}
@book{conway2012functions,
  title={Functions of one complex variable II},
  author={Conway, John B},
  volume={159},
  year={2012},
  publisher={Springer Science \& Business Media}
}
@book{stein2010complex,
  title={Complex analysis},
  author={Stein, Elias M and Shakarchi, Rami},
  volume={2},
  year={2010},
  publisher={Princeton University Press}
}
@book{folland1999real,
  title={Real analysis: modern techniques and their applications},
  author={Folland, Gerald B},
  volume={40},
  year={1999},
  publisher={John Wiley \& Sons}
}
@article{rudin1987real,
  title={Real and complex analysis (mcgraw-hill international editions: Mathematics series)},
  author={Rudin, Walter},
  journal={cit. on},
  pages={118},
  year={1987}
}
@book{arguin2021first,
  title={A first course in stochastic calculus},
  author={Arguin, Louis-Pierre},
  volume={53},
  year={2021},
  publisher={American Mathematical Society}
}
@book{oksendal2013stochastic,
  title={Stochastic differential equations: an introduction with applications},
  author={Oksendal, Bernt},
  year={2013},
  publisher={Springer Science \& Business Media}
}
@misc{protter2004stochastic,
  title={Stochastic integration and differential equations},
  author={Protter, P},
  year={2004},
  publisher={Springer-Verlag}
}
@book{morters2010brownian,
  title={Brownian motion},
  author={M{\"o}rters, Peter and Peres, Yuval},
  volume={30},
  year={2010},
  publisher={Cambridge University Press}
}
@book{karatzas2014brownian,
  title={Brownian motion and stochastic calculus},
  author={Karatzas, Ioannis and Shreve, Steven},
  volume={113},
  year={2014},
  publisher={springer}
}
@book{strogatz2018nonlinear,
  title={Nonlinear dynamics and chaos: with applications to physics, biology, chemistry, and engineering},
  author={Strogatz, Steven H},
  year={2018},
  publisher={CRC press}
}
@book{perko2013differential,
  title={Differential equations and dynamical systems},
  author={Perko, Lawrence},
  volume={7},
  year={2013},
  publisher={Springer Science \& Business Media}
}
@book{guckenheimer2013nonlinear,
  title={Nonlinear oscillations, dynamical systems, and bifurcations of vector fields},
  author={Guckenheimer, John and Holmes, Philip},
  volume={42},
  year={2013},
  publisher={Springer Science \& Business Media}
}
@article{feinberg2019foundations,
  title={Foundations of chemical reaction network theory},
  author={Feinberg, Martin},
  year={2019},
  publisher={Springer}
}
@misc{klainerman2010brief,
  title={Brief history of the vector-field method},
  author={Klainerman, Sergiu},
  year={2010}
}
@book{sogge1995lectures,
  title={Lectures on non-linear wave equations},
  author={Sogge, Christopher Donald},
  volume={2},
  year={1995},
  publisher={International Press Boston, MA}
}
@book{alinhac2009hyperbolic,
  title={Hyperbolic partial differential equations},
  author={Alinhac, Serge},
  year={2009},
  publisher={Springer Science \& Business Media}
}
@book{alinhac2010geometric,
  title={Geometric analysis of hyperbolic differential equations: an introduction},
  author={Alinhac, Serge},
  year={2010},
  publisher={Cambridge University Press}
}
@book{stein1970singular,
  title={Singular integrals and differentiability properties of functions},
  author={Stein, Elias M},
  year={1970},
  publisher={Princeton university press}
}
@article{stein1971introduction,
  title={Introduction to fourier analysis on euclidean spaces},
  author={Stein, EM},
  journal={Princeton Mathematical Series},
  volume={32},
  year={1971}
}
@book{stein2011fourier,
  title={Fourier analysis: an introduction},
  author={Stein, Elias M and Shakarchi, Rami},
  volume={1},
  year={2011},
  publisher={Princeton University Press}
}
@book{duoandikoetxea2024fourier,
  title={Fourier analysis},
  author={Duoandikoetxea, Javier},
  volume={29},
  year={2024},
  publisher={American Mathematical Society}
}
